<record><leader>00000cas a22000007a 4500</leader><controlfield tag="001">18401984</controlfield><controlfield tag="008">880825d19621979nyuwr ne      0    0eng d</controlfield><datafield ind1=" " ind2=" " tag="010"><subfield code="a">sn 88074713 </subfield></datafield><datafield ind1=" " ind2=" " tag="040"><subfield code="a">NYS</subfield><subfield code="b">eng</subfield><subfield code="c">NYS</subfield><subfield code="d">OCLCQ</subfield></datafield><datafield ind1=" " ind2=" " tag="042"><subfield code="a">msc</subfield></datafield><datafield ind1="0" ind2="0" tag="245"><subfield code="a">Herald-mail.</subfield></datafield><datafield ind1="1" ind2="7" tag="246"><subfield code="a">Fairport herald-mail</subfield></datafield><datafield ind1=" " ind2=" " tag="260"><subfield code="a">Fairport, N.Y. :</subfield><subfield code="b">[s.n.],</subfield><subfield code="c">1962-1979.</subfield></datafield><datafield ind1=" " ind2=" " tag="300"><subfield code="a">v.</subfield></datafield><datafield ind1=" " ind2=" " tag="310"><subfield code="a">Weekly</subfield></datafield><datafield ind1="0" ind2=" " tag="362"><subfield code="a">91st year, no. 16 (May 16, 1962)-108th year, no. 49 (Dec. 31, 1979).</subfield></datafield><datafield ind1=" " ind2="4" tag="651"><subfield code="a">Fairport (N.Y.)</subfield><subfield code="v">Newspapers.</subfield></datafield><datafield ind1=" " ind2=" " tag="752"><subfield code="a">United States</subfield><subfield code="b">New York</subfield><subfield code="c">Monroe</subfield><subfield code="d">Fairport.</subfield></datafield><datafield ind1="0" ind2="0" tag="780"><subfield code="t">Fairport herald-mail</subfield><subfield code="w">(DLC)sn 88074724</subfield><subfield code="w">(OCoLC)7856385</subfield></datafield><datafield ind1="0" ind2="0" tag="785"><subfield code="t">Fairport-Perinton herald-mail</subfield><subfield code="w">(DLC)sn 88074714</subfield><subfield code="w">(OCoLC)7856342</subfield></datafield></record>